%YAML 1.1
%TAG !u! tag:unity3d.com,2011:
--- !u!1 &65456807517961498
GameObject:
  m_ObjectHideFlags: 0
  m_CorrespondingSourceObject: {fileID: 0}
  m_PrefabInstance: {fileID: 0}
  m_PrefabAsset: {fileID: 0}
  serializedVersion: 6
  m_Component:
  - component: {fileID: 65456807517961499}
  - component: {fileID: 4391950429692548708}
  m_Layer: 0
  m_Name: Core
  m_TagString: Untagged
  m_Icon: {fileID: 0}
  m_NavMeshLayer: 0
  m_StaticEditorFlags: 0
  m_IsActive: 1
--- !u!4 &65456807517961499
Transform:
  m_ObjectHideFlags: 0
  m_CorrespondingSourceObject: {fileID: 0}
  m_PrefabInstance: {fileID: 0}
  m_PrefabAsset: {fileID: 0}
  m_GameObject: {fileID: 65456807517961498}
  m_LocalRotation: {x: 0, y: 0, z: 0, w: 1}
  m_LocalPosition: {x: -32.086426, y: 1.1048999, z: -0.5653181}
  m_LocalScale: {x: 1, y: 1, z: 1}
  m_Children:
  - {fileID: 3250349744588445981}
  - {fileID: 8989094014977688720}
  - {fileID: 2681928333633143306}
  m_Father: {fileID: 0}
  m_RootOrder: 0
  m_LocalEulerAnglesHint: {x: 0, y: 0, z: 0}
--- !u!114 &4391950429692548708
MonoBehaviour:
  m_ObjectHideFlags: 0
  m_CorrespondingSourceObject: {fileID: 0}
  m_PrefabInstance: {fileID: 0}
  m_PrefabAsset: {fileID: 0}
  m_GameObject: {fileID: 65456807517961498}
  m_Enabled: 1
  m_EditorHideFlags: 0
  m_Script: {fileID: 11500000, guid: be2cabe96e7004fefb99fcd6cdb9e4ef, type: 3}
  m_Name: 
  m_EditorClassIdentifier: 
  persistentObjectPrefab: {fileID: 0}
--- !u!1001 &65456807442712818
PrefabInstance:
  m_ObjectHideFlags: 0
  serializedVersion: 2
  m_Modification:
    m_TransformParent: {fileID: 65456807517961499}
    m_Modifications:
    - target: {fileID: 8959667366075354238, guid: 1910d36fae5304246a9c1ea98749d266,
        type: 3}
      propertyPath: m_Name
      value: Player
      objectReference: {fileID: 0}
    - target: {fileID: 8959667366075354210, guid: 1910d36fae5304246a9c1ea98749d266,
        type: 3}
      propertyPath: m_LocalPosition.x
      value: 32.086426
      objectReference: {fileID: 0}
    - target: {fileID: 8959667366075354210, guid: 1910d36fae5304246a9c1ea98749d266,
        type: 3}
      propertyPath: m_LocalPosition.y
      value: -1.1048999
      objectReference: {fileID: 0}
    - target: {fileID: 8959667366075354210, guid: 1910d36fae5304246a9c1ea98749d266,
        type: 3}
      propertyPath: m_LocalPosition.z
      value: 38.3
      objectReference: {fileID: 0}
    - target: {fileID: 8959667366075354210, guid: 1910d36fae5304246a9c1ea98749d266,
        type: 3}
      propertyPath: m_LocalRotation.x
      value: -0
      objectReference: {fileID: 0}
    - target: {fileID: 8959667366075354210, guid: 1910d36fae5304246a9c1ea98749d266,
        type: 3}
      propertyPath: m_LocalRotation.y
      value: -0
      objectReference: {fileID: 0}
    - target: {fileID: 8959667366075354210, guid: 1910d36fae5304246a9c1ea98749d266,
        type: 3}
      propertyPath: m_LocalRotation.z
      value: -0
      objectReference: {fileID: 0}
    - target: {fileID: 8959667366075354210, guid: 1910d36fae5304246a9c1ea98749d266,
        type: 3}
      propertyPath: m_LocalRotation.w
      value: 1
      objectReference: {fileID: 0}
    - target: {fileID: 8959667366075354210, guid: 1910d36fae5304246a9c1ea98749d266,
        type: 3}
      propertyPath: m_RootOrder
      value: 1
      objectReference: {fileID: 0}
    - target: {fileID: 8959667366075354210, guid: 1910d36fae5304246a9c1ea98749d266,
        type: 3}
      propertyPath: m_LocalEulerAnglesHint.x
      value: 0
      objectReference: {fileID: 0}
    - target: {fileID: 8959667366075354210, guid: 1910d36fae5304246a9c1ea98749d266,
        type: 3}
      propertyPath: m_LocalEulerAnglesHint.y
      value: 0
      objectReference: {fileID: 0}
    - target: {fileID: 8959667366075354210, guid: 1910d36fae5304246a9c1ea98749d266,
        type: 3}
      propertyPath: m_LocalEulerAnglesHint.z
      value: 0
      objectReference: {fileID: 0}
    m_RemovedComponents: []
  m_SourcePrefab: {fileID: 100100000, guid: 1910d36fae5304246a9c1ea98749d266, type: 3}
--- !u!4 &8989094014977688720 stripped
Transform:
  m_CorrespondingSourceObject: {fileID: 8959667366075354210, guid: 1910d36fae5304246a9c1ea98749d266,
    type: 3}
  m_PrefabInstance: {fileID: 65456807442712818}
  m_PrefabAsset: {fileID: 0}
--- !u!1001 &65456807876622849
PrefabInstance:
  m_ObjectHideFlags: 0
  serializedVersion: 2
  m_Modification:
    m_TransformParent: {fileID: 65456807517961499}
    m_Modifications:
    - target: {fileID: 2724839413822502924, guid: 32d3114b72f394c68848f0a54e799283,
        type: 3}
      propertyPath: m_Name
      value: Follow Camera
      objectReference: {fileID: 0}
    - target: {fileID: 2724839413822502923, guid: 32d3114b72f394c68848f0a54e799283,
        type: 3}
      propertyPath: m_LocalPosition.x
      value: 26.71132
      objectReference: {fileID: 0}
    - target: {fileID: 2724839413822502923, guid: 32d3114b72f394c68848f0a54e799283,
        type: 3}
      propertyPath: m_LocalPosition.y
      value: 2.666893
      objectReference: {fileID: 0}
    - target: {fileID: 2724839413822502923, guid: 32d3114b72f394c68848f0a54e799283,
        type: 3}
      propertyPath: m_LocalPosition.z
      value: 33.62678
      objectReference: {fileID: 0}
    - target: {fileID: 2724839413822502923, guid: 32d3114b72f394c68848f0a54e799283,
        type: 3}
      propertyPath: m_LocalRotation.x
      value: 0.1652947
      objectReference: {fileID: 0}
    - target: {fileID: 2724839413822502923, guid: 32d3114b72f394c68848f0a54e799283,
        type: 3}
      propertyPath: m_LocalRotation.y
      value: 0.40776056
      objectReference: {fileID: 0}
    - target: {fileID: 2724839413822502923, guid: 32d3114b72f394c68848f0a54e799283,
        type: 3}
      propertyPath: m_LocalRotation.z
      value: -0.07532165
      objectReference: {fileID: 0}
    - target: {fileID: 2724839413822502923, guid: 32d3114b72f394c68848f0a54e799283,
        type: 3}
      propertyPath: m_LocalRotation.w
      value: 0.89483833
      objectReference: {fileID: 0}
    - target: {fileID: 2724839413822502923, guid: 32d3114b72f394c68848f0a54e799283,
        type: 3}
      propertyPath: m_RootOrder
      value: 2
      objectReference: {fileID: 0}
    - target: {fileID: 2724839413822502923, guid: 32d3114b72f394c68848f0a54e799283,
        type: 3}
      propertyPath: m_LocalEulerAnglesHint.x
      value: 20.931002
      objectReference: {fileID: 0}
    - target: {fileID: 2724839413822502923, guid: 32d3114b72f394c68848f0a54e799283,
        type: 3}
      propertyPath: m_LocalEulerAnglesHint.y
      value: 48.996002
      objectReference: {fileID: 0}
    - target: {fileID: 2724839413822502923, guid: 32d3114b72f394c68848f0a54e799283,
        type: 3}
      propertyPath: m_LocalEulerAnglesHint.z
      value: 0
      objectReference: {fileID: 0}
    - target: {fileID: 2724839413822502922, guid: 32d3114b72f394c68848f0a54e799283,
        type: 3}
      propertyPath: m_Follow
      value: 
      objectReference: {fileID: 8989094014977688720}
    m_RemovedComponents: []
  m_SourcePrefab: {fileID: 100100000, guid: 32d3114b72f394c68848f0a54e799283, type: 3}
--- !u!4 &2681928333633143306 stripped
Transform:
  m_CorrespondingSourceObject: {fileID: 2724839413822502923, guid: 32d3114b72f394c68848f0a54e799283,
    type: 3}
  m_PrefabInstance: {fileID: 65456807876622849}
  m_PrefabAsset: {fileID: 0}
--- !u!1001 &65456808884475468
PrefabInstance:
  m_ObjectHideFlags: 0
  serializedVersion: 2
  m_Modification:
    m_TransformParent: {fileID: 65456807517961499}
    m_Modifications:
    - target: {fileID: 3310993732249669456, guid: 8bbe7d05893c040ef9fe78fe27702278,
        type: 3}
      propertyPath: m_Name
      value: Camera
      objectReference: {fileID: 0}
    - target: {fileID: 3310993732249669457, guid: 8bbe7d05893c040ef9fe78fe27702278,
        type: 3}
      propertyPath: m_LocalPosition.x
      value: 26.71132
      objectReference: {fileID: 0}
    - target: {fileID: 3310993732249669457, guid: 8bbe7d05893c040ef9fe78fe27702278,
        type: 3}
      propertyPath: m_LocalPosition.y
      value: 2.666893
      objectReference: {fileID: 0}
    - target: {fileID: 3310993732249669457, guid: 8bbe7d05893c040ef9fe78fe27702278,
        type: 3}
      propertyPath: m_LocalPosition.z
      value: 33.62678
      objectReference: {fileID: 0}
    - target: {fileID: 3310993732249669457, guid: 8bbe7d05893c040ef9fe78fe27702278,
        type: 3}
      propertyPath: m_LocalRotation.x
      value: 0.1652947
      objectReference: {fileID: 0}
    - target: {fileID: 3310993732249669457, guid: 8bbe7d05893c040ef9fe78fe27702278,
        type: 3}
      propertyPath: m_LocalRotation.y
      value: 0.40776056
      objectReference: {fileID: 0}
    - target: {fileID: 3310993732249669457, guid: 8bbe7d05893c040ef9fe78fe27702278,
        type: 3}
      propertyPath: m_LocalRotation.z
      value: -0.07532165
      objectReference: {fileID: 0}
    - target: {fileID: 3310993732249669457, guid: 8bbe7d05893c040ef9fe78fe27702278,
        type: 3}
      propertyPath: m_LocalRotation.w
      value: 0.89483833
      objectReference: {fileID: 0}
    - target: {fileID: 3310993732249669457, guid: 8bbe7d05893c040ef9fe78fe27702278,
        type: 3}
      propertyPath: m_RootOrder
      value: 0
      objectReference: {fileID: 0}
    - target: {fileID: 3310993732249669457, guid: 8bbe7d05893c040ef9fe78fe27702278,
        type: 3}
      propertyPath: m_LocalEulerAnglesHint.x
      value: 0
      objectReference: {fileID: 0}
    - target: {fileID: 3310993732249669457, guid: 8bbe7d05893c040ef9fe78fe27702278,
        type: 3}
      propertyPath: m_LocalEulerAnglesHint.y
      value: 0
      objectReference: {fileID: 0}
    - target: {fileID: 3310993732249669457, guid: 8bbe7d05893c040ef9fe78fe27702278,
        type: 3}
      propertyPath: m_LocalEulerAnglesHint.z
      value: 0
      objectReference: {fileID: 0}
    m_RemovedComponents: []
  m_SourcePrefab: {fileID: 100100000, guid: 8bbe7d05893c040ef9fe78fe27702278, type: 3}
--- !u!4 &3250349744588445981 stripped
Transform:
  m_CorrespondingSourceObject: {fileID: 3310993732249669457, guid: 8bbe7d05893c040ef9fe78fe27702278,
    type: 3}
  m_PrefabInstance: {fileID: 65456808884475468}
  m_PrefabAsset: {fileID: 0}
